<collection>
<record>
<leader>06478cpcaa22010697a 4500</leader>
<controlfield tag="001">11810767</controlfield>
<controlfield tag="005">20231206074011.0</controlfield>
<controlfield tag="008">960208i19931993dcu eng </controlfield>
<datafield ind1=" " ind2=" " tag="906">
<subfield code="a">7</subfield>
<subfield code="b">cbc</subfield>
<subfield code="c">orignew</subfield>
<subfield code="d">1</subfield>
<subfield code="e">ncip</subfield>
<subfield code="f">19</subfield>
<subfield code="g">y-folklife</subfield>
</datafield>
<datafield ind1=" " ind2=" " tag="955">
<subfield code="a">
mfor ?/?/96; shal 10/14/99; kblu 02-09-00; cker 02-17-00; mkru 2004-03-11; mkru 2004-11-17; mkru 2005-07-12; mkru 2009-02-11; mkru 2012-02-06
</subfield>
<subfield code="a">mkru 2012-12-19; cker 2015-12-15</subfield>
<subfield code="a">mseg 2017-02-19</subfield>
<subfield code="a">mseg 2017-07-10</subfield>
<subfield code="a">mkru 2018-06-28</subfield>
<subfield code="a">masmit 2020-11-27</subfield>
</datafield>
<datafield ind1=" " ind2=" " tag="010">
<subfield code="a"> 2004695163</subfield>
</datafield>
<datafield ind1=" " ind2=" " tag="035">
<subfield code="a">afc96000033</subfield>
</datafield>
<datafield ind1=" " ind2=" " tag="040">
<subfield code="a">DLC</subfield>
<subfield code="c">DLC</subfield>
<subfield code="e">appm</subfield>
<subfield code="d">DLC</subfield>
</datafield>
<datafield ind1="0" ind2=" " tag="041">
<subfield code="a">eng</subfield>
<subfield code="d">eng</subfield>
<subfield code="d">spa</subfield>
<subfield code="a">spa</subfield>
</datafield>
<datafield ind1=" " ind2=" " tag="043">
<subfield code="a">n-us---</subfield>
<subfield code="a">a-ii---</subfield>
<subfield code="a">nwjm---</subfield>
</datafield>
<datafield ind1=" " ind2=" " tag="090">
<subfield code="a">
RAA 60678-60683 (reels); RYM 3721, RYM 3800 (cassettes)
</subfield>
</datafield>
<datafield ind1=" " ind2=" " tag="090">
<subfield code="a">
AFC 1993/002:SR01-03, SR06-09, SR12 (sound recordings)
</subfield>
</datafield>
<datafield ind1=" " ind2=" " tag="090">
<subfield code="a">AFC 1993/002:MV1-6 (videorecordings)</subfield>
</datafield>
<datafield ind1=" " ind2=" " tag="090">
<subfield code="a">AFC 1993/002</subfield>
</datafield>
<datafield ind1="0" ind2="0" tag="245">
<subfield code="a">1993 Neptune Plaza Concert Series collection,</subfield>
<subfield code="f">1993 /</subfield>
<subfield code="c">sponsored by the American Folklife Center.</subfield>
</datafield>
<datafield ind1="3" ind2=" " tag="246">
<subfield code="a">Neptune Plaza Concert Series, 1993</subfield>
</datafield>
<datafield ind1="0" ind2=" " tag="246">
<subfield code="a">American Folklife Center concert, 1993</subfield>
</datafield>
<datafield ind1=" " ind2=" " tag="260">
<subfield code="c">1993.</subfield>
</datafield>
<datafield ind1=" " ind2=" " tag="300">
<subfield code="a">2</subfield>
<subfield code="f">boxes (1 linear foot)</subfield>
</datafield>
<datafield ind1=" " ind2=" " tag="300">
<subfield code="3">manuscripts</subfield>
<subfield code="a">8</subfield>
<subfield code="f">folders.</subfield>
</datafield>
<datafield ind1=" " ind2=" " tag="300">
<subfield code="3">sound recordings</subfield>
<subfield code="a">6 sound tape reels :</subfield>
<subfield code="b">analog, 7 1/2 ips, stereo. ;</subfield>
<subfield code="c">10 in.</subfield>
</datafield>
<datafield ind1=" " ind2=" " tag="300">
<subfield code="3">sound recordings</subfield>
<subfield code="a">2 sound cassettes :</subfield>
<subfield code="b">analog</subfield>
</datafield>
<datafield ind1=" " ind2=" " tag="300">
<subfield code="3">graphic materials</subfield>
<subfield code="a">458 photographs :</subfield>
<subfield code="b">on black-and- white contact sheets.</subfield>
</datafield>
<datafield ind1=" " ind2=" " tag="300">
<subfield code="3">graphic materials</subfield>
<subfield code="a">28 photographic prints :</subfield>
<subfield code="b">black and white ;</subfield>
<subfield code="c">various sizes.</subfield>
</datafield>
<datafield ind1=" " ind2=" " tag="300">
<subfield code="3">graphic materials</subfield>
<subfield code="a">132 slides :</subfield>
<subfield code="b">color.</subfield>
</datafield>
<datafield ind1=" " ind2=" " tag="300">
<subfield code="3">moving images</subfield>
<subfield code="a">6 videocassettes (VHS)</subfield>
</datafield>
<datafield ind1=" " ind2="0" tag="440">
<subfield code="a">Neptune Plaza concert series</subfield>
</datafield>
<datafield ind1=" " ind2=" " tag="500">
<subfield code="a">
April 15, 1993 concert co-sponsored by the D.C. Commission on the Arts and Humanities.
</subfield>
</datafield>
<datafield ind1=" " ind2=" " tag="500">
<subfield code="a">
Photographs include negatives, black and white contact sheets (458 images), internegatives, photographic prints, and color slides (132) taken by photographers Jim Higgins, Yusef El-Amin, and David A. Taylor.
</subfield>
</datafield>
<datafield ind1=" " ind2=" " tag="520">
<subfield code="a">
Manuscript materials, sound recordings, photographs, and moving images documenting the performance of North Indian Bengali music; Jamaican music; African American gospel quartets and choral music; Irish folk dance and music; bluegrass music; African American hand dancing; and Andean music recorded live outdoors on Neptune Plaza in front of the Thomas Jefferson Building, Library of Congress, at concerts from April through September 1993, sponsored by the American Folklife Center. Some concerts were recorded for broadcast on WAMU-FM, hosted by Dick Spottswood. Manuscripts include some correspondence and program flyers autographed by the performers.
</subfield>
</datafield>
<datafield ind1="0" ind2=" " tag="505">
<subfield code="a">
April 15: Master Performers and Their Apprentices (North Indian Bengali music performed by Broto Roy, sitar; and Shubha Sankaran, tabla; Jamaican reggae and rap music, performed by Erald "Englishman" Briscoe; and Washington, D.C. gospel quartet music, performed by Samuel O. Hubbard and Reverb) in the Mumford Room, Library of Congress -- May 20: Traditional Irish music and dance performed by Tom and Maureen Doherty with Mick Moloney and Regan Wick -- June 17: Northern Lights (bluegrass band from Massachusetts) -- July 15: Philadelphia Ambassadors Chorale and Ensemble (African-American sacred music directed by Evelyn Simpson-Curenton, presented by Rep. Lucien Blackwell) -- August 19: African-American D.C. hand dancing performed by Lawrence Bradford & Lulu Shelton, Kenny Cheeks & Cynthia Shelton, Lee Ware & Addie Robinson -- September 16: Ollantay (Music of the Andes, La Musica de los Andes)
</subfield>
</datafield>
<datafield ind1="8" ind2=" " tag="524">
<subfield code="a">
1993 Neptune Plaza Concert Series Collection (AFC 1993/002), Archive of Folk Culture, American Folklife Center, Library of Congress, Washington, D.C.
</subfield>
</datafield>
<datafield ind1=" " ind2=" " tag="540">
<subfield code="a">
Duplication of the recorded materials may be governed by copyright and other restrictions.
</subfield>
</datafield>
<datafield ind1=" " ind2=" " tag="546">
<subfield code="3">Manuscripts</subfield>
<subfield code="a">in English.</subfield>
</datafield>
<datafield ind1=" " ind2=" " tag="546">
<subfield code="3">Sound recordings</subfield>
<subfield code="a">in English and Spanish.</subfield>
</datafield>
<datafield ind1="8" ind2=" " tag="555">
<subfield code="a">
Finding aid available in the Folklife Reading Room and online.
</subfield>
</datafield>
<datafield ind1=" " ind2="0" tag="650">
<subfield code="a">Folk music</subfield>
<subfield code="z">United States.</subfield>
</datafield>
<datafield ind1=" " ind2="0" tag="650">
<subfield code="a">Folk songs, English.</subfield>
</datafield>
<datafield ind1=" " ind2="0" tag="650">
<subfield code="a">Bluegrass music</subfield>
<subfield code="y">1991-2000.</subfield>
</datafield>
<datafield ind1=" " ind2="0" tag="650">
<subfield code="a">Bluegrass music</subfield>
<subfield code="z">Massachusetts.</subfield>
</datafield>
<datafield ind1=" " ind2="0" tag="650">
<subfield code="a">Gospel music</subfield>
<subfield code="z">Pennsylvania</subfield>
<subfield code="z">Philadelphia.</subfield>
</datafield>
<datafield ind1=" " ind2="0" tag="650">
<subfield code="a">Gospel music</subfield>
<subfield code="z">Washington (D.C.)</subfield>
</datafield>
<datafield ind1=" " ind2="0" tag="650">
<subfield code="a">D.C. hand dance.</subfield>
</datafield>
<datafield ind1=" " ind2="0" tag="650">
<subfield code="a">Jig (Dance)</subfield>
<subfield code="z">Ireland.</subfield>
</datafield>
<datafield ind1=" " ind2="0" tag="650">
<subfield code="a">Hornpipe (Dance)</subfield>
<subfield code="z">Ireland.</subfield>
</datafield>
<datafield ind1=" " ind2="0" tag="650">
<subfield code="a">Folk music</subfield>
<subfield code="z">Ireland.</subfield>
</datafield>
<datafield ind1=" " ind2="0" tag="650">
<subfield code="a">Folk dancing, Irish.</subfield>
</datafield>
<datafield ind1=" " ind2="0" tag="650">
<subfield code="a">Step dancing</subfield>
<subfield code="z">Ireland.</subfield>
</datafield>
<datafield ind1=" " ind2="0" tag="650">
<subfield code="a">Lindy (Dance)</subfield>
<subfield code="z">Washington (D.C.)</subfield>
</datafield>
<datafield ind1=" " ind2="0" tag="650">
<subfield code="a">Irish Americans</subfield>
<subfield code="v">Music.</subfield>
</datafield>
<datafield ind1=" " ind2="0" tag="650">
<subfield code="a">African Americans</subfield>
<subfield code="v">Music.</subfield>
</datafield>
<datafield ind1=" " ind2="0" tag="650">
<subfield code="a">Jamaicans</subfield>
<subfield code="v">Music.</subfield>
</datafield>
<datafield ind1=" " ind2="0" tag="650">
<subfield code="a">Bolivian Americans</subfield>
<subfield code="v">Music.</subfield>
</datafield>
<datafield ind1=" " ind2="0" tag="650">
<subfield code="a">Bengali (South Asian people)</subfield>
<subfield code="z">United States</subfield>
<subfield code="v">Music.</subfield>
</datafield>
<datafield ind1=" " ind2="0" tag="650">
<subfield code="a">African American dance</subfield>
<subfield code="z">Washington (D.C.)</subfield>
</datafield>
<datafield ind1=" " ind2="0" tag="650">
<subfield code="a">Vocal quartets, Unaccompanied.</subfield>
</datafield>
<datafield ind1=" " ind2="0" tag="650">
<subfield code="a">Popular music</subfield>
<subfield code="z">Andes Region.</subfield>
</datafield>
<datafield ind1=" " ind2="0" tag="650">
<subfield code="a">Music</subfield>
<subfield code="z">India.</subfield>
</datafield>
<datafield ind1=" " ind2="0" tag="650">
<subfield code="a">Reggae music</subfield>
<subfield code="z">Jamaica.</subfield>
</datafield>
<datafield ind1=" " ind2="7" tag="655">
<subfield code="a">Sound recordings.</subfield>
<subfield code="2">aat</subfield>
</datafield>
<datafield ind1=" " ind2="7" tag="655">
<subfield code="a">Manuscripts.</subfield>
<subfield code="2">aat</subfield>
</datafield>
<datafield ind1=" " ind2="7" tag="655">
<subfield code="a">Photographic prints.</subfield>
<subfield code="2">aat</subfield>
</datafield>
<datafield ind1=" " ind2="7" tag="655">
<subfield code="a">Color slides.</subfield>
<subfield code="2">aat</subfield>
</datafield>
<datafield ind1=" " ind2="7" tag="655">
<subfield code="a">Videocassettes.</subfield>
<subfield code="2">aat</subfield>
</datafield>
<datafield ind1=" " ind2="7" tag="655">
<subfield code="a">Autographs.</subfield>
<subfield code="2">aat</subfield>
</datafield>
<datafield ind1="0" ind2=" " tag="700">
<subfield code="a">Briscoe, Erald,</subfield>
<subfield code="e">performer.</subfield>
</datafield>
<datafield ind1="1" ind2=" " tag="700">
<subfield code="a">Doherty, Tom,</subfield>
<subfield code="d">1913-</subfield>
<subfield code="e">performer.</subfield>
</datafield>
<datafield ind1="1" ind2=" " tag="700">
<subfield code="a">Hubbard, Samuel O.,</subfield>
<subfield code="e">performer.</subfield>
</datafield>
<datafield ind1="1" ind2=" " tag="700">
<subfield code="a">Moloney, Mick,</subfield>
<subfield code="d">1944-2022,</subfield>
<subfield code="e">performer.</subfield>
</datafield>
<datafield ind1="1" ind2=" " tag="700">
<subfield code="a">Wick, Regan,</subfield>
<subfield code="e">performer.</subfield>
</datafield>
<datafield ind1="1" ind2=" " tag="700">
<subfield code="a">Simpson-Curenton, Evelyn,</subfield>
<subfield code="d">1953-</subfield>
<subfield code="e">performer.</subfield>
</datafield>
<datafield ind1="1" ind2=" " tag="700">
<subfield code="a">Blackwell, Lucien,</subfield>
<subfield code="d">1931-2003,</subfield>
<subfield code="e">speaker.</subfield>
</datafield>
<datafield ind1="1" ind2=" " tag="700">
<subfield code="a">Friedland, Lee Ellen,</subfield>
<subfield code="e">speaker.</subfield>
</datafield>
<datafield ind1="2" ind2=" " tag="710">
<subfield code="a">Northern Lights (Bluegrass group),</subfield>
<subfield code="e">performer.</subfield>
</datafield>
<datafield ind1="2" ind2=" " tag="710">
<subfield code="a">Philadelphia Ambassadors Chorale and Ensemble,</subfield>
<subfield code="e">performer.</subfield>
</datafield>
<datafield ind1="2" ind2=" " tag="710">
<subfield code="a">Ollantay (Musical group),</subfield>
<subfield code="e">performer.</subfield>
</datafield>
<datafield ind1="2" ind2=" " tag="710">
<subfield code="a">Reverb (Vocal group),</subfield>
<subfield code="e">performer.</subfield>
</datafield>
<datafield ind1="2" ind2=" " tag="710">
<subfield code="a">American Folklife Center,</subfield>
<subfield code="e">collector.</subfield>
</datafield>
<datafield ind1="2" ind2=" " tag="710">
<subfield code="a">Archive of Folk Culture (Library of Congress)</subfield>
</datafield>
<datafield ind1="2" ind2=" " tag="710">
<subfield code="a">D.C. Commission on the Arts and Humanities,</subfield>
<subfield code="e">sponsor.</subfield>
</datafield>
<datafield ind1="2" ind2=" " tag="710">
<subfield code="a">WAMU-FM (Radio station : Washington, D.C.)</subfield>
</datafield>
<datafield ind1=" " ind2=" " tag="852">
<subfield code="a">Library of Congress</subfield>
<subfield code="b">Archive of Folk Culture, American Folklife Center,</subfield>
<subfield code="e">
101 Independence Ave. S.E., Washington, DC USA 20540-4610
</subfield>
</datafield>
<datafield ind1="4" ind2="2" tag="856">
<subfield code="3">Finding aid</subfield>
<subfield code="u">http://hdl.loc.gov/loc.afc/eadafc.af011020</subfield>
</datafield>
<datafield ind1=" " ind2=" " tag="985">
<subfield code="a">AFC/1993 Neptune Plaza</subfield>
<subfield code="e">DHC</subfield>
</datafield>
<datafield ind1=" " ind2=" " tag="985">
<subfield code="a">afc/ead</subfield>
</datafield>
<datafield ind1=" " ind2=" " tag="985">
<subfield code="a">afc/coll</subfield>
</datafield>
<datafield ind1=" " ind2=" " tag="985">
<subfield code="a">afc/event</subfield>
</datafield>
</record>
</collection>